<record><leader>00000cas a2200000 a 4500</leader><controlfield tag="001">24132416</controlfield><controlfield tag="008">910725d19uu1982iluwr ne      0   a0eng c</controlfield><datafield ind1=" " ind2=" " tag="010"><subfield code="a">sn 91055414 </subfield></datafield><datafield ind1=" " ind2=" " tag="040"><subfield code="a">NVF</subfield><subfield code="b">eng</subfield><subfield code="c">NVF</subfield><subfield code="d">CVF</subfield><subfield code="d">OCLCQ</subfield><subfield code="d">NVF</subfield><subfield code="d">OCLCO</subfield></datafield><datafield ind1="1" ind2=" " tag="029"><subfield code="a">AU@</subfield><subfield code="b">000020750074</subfield></datafield><datafield ind1=" " ind2=" " tag="042"><subfield code="a">pcc</subfield></datafield><datafield ind1=" " ind2=" " tag="043"><subfield code="a">n-us-il</subfield></datafield><datafield ind1="0" ind2=" " tag="130"><subfield code="a">Good news weekly (Chicago, Ill. : Lincoln Square-Ravenswood ed.)</subfield></datafield><datafield ind1="1" ind2="4" tag="245"><subfield code="a">The good news weekly.</subfield></datafield><datafield ind1=" " ind2=" " tag="250"><subfield code="a">Lincoln Square-Ravenswood ed.</subfield></datafield><datafield ind1=" " ind2=" " tag="260"><subfield code="a">Chicago, Ill. :</subfield><subfield code="b">[s.n.]</subfield></datafield><datafield ind1=" " ind2=" " tag="300"><subfield code="a">v.</subfield></datafield><datafield ind1=" " ind2=" " tag="310"><subfield code="a">Weekly</subfield></datafield><datafield ind1="0" ind2=" " tag="362"><subfield code="a">-May 12, 1982.</subfield></datafield><datafield ind1=" " ind2=" " tag="500"><subfield code="a">Also serves Albany Park, Mar. 14, 1973-Jan. 2, 1974.</subfield></datafield><datafield ind1=" " ind2=" " tag="580"><subfield code="a">Merged with: Good news weekly (Chicago, Ill. : Lincoln Park-Lakeview ed.), to form: Good news weekly (Chicago, Ill. : North and Northwest ed.).</subfield></datafield><datafield ind1=" " ind2=" " tag="588"><subfield code="a">Description based on: Apr. 14, 1971.</subfield></datafield><datafield ind1=" " ind2="0" tag="650"><subfield code="a">Community newspapers</subfield><subfield code="z">Illinois</subfield><subfield code="z">Chicago.</subfield></datafield><datafield ind1=" " ind2="0" tag="651"><subfield code="a">Albany Park (Chicago, Ill.)</subfield><subfield code="v">Newspapers.</subfield></datafield><datafield ind1=" " ind2="0" tag="651"><subfield code="a">Lincoln Square (Chicago, Ill.)</subfield><subfield code="v">Newspapers.</subfield></datafield><datafield ind1=" " ind2="0" tag="650"><subfield code="a">Ravenswood (Chicago, Ill.)</subfield><subfield code="v">Newspapers.</subfield></datafield><datafield ind1=" " ind2=" " tag="752"><subfield code="a">United States</subfield><subfield code="b">Illinois</subfield><subfield code="c">Cook</subfield><subfield code="d">Chicago.</subfield></datafield><datafield ind1="0" ind2="5" tag="780"><subfield code="t">Good news weekly (Chicago, Ill. : Albany Park ed.)</subfield><subfield code="w">(DLC)sn 97062063</subfield><subfield code="w">(OCoLC)37994939</subfield></datafield><datafield ind1="1" ind2="7" tag="785"><subfield code="t">Good news weekly (Chicago, Ill. : Lincoln Park-Lakeview ed.)</subfield><subfield code="w">(DLC)sn 91055413</subfield><subfield code="w">(OCoLC)24132454</subfield></datafield><datafield ind1="1" ind2="7" tag="785"><subfield code="t">Good news weekly (Chicago, Ill. : North and Northwest ed.)</subfield><subfield code="w">(DLC)sn 97062023</subfield><subfield code="w">(OCoLC)37578205</subfield></datafield></record>